@book{gof,
    author = {Gamma, E. and Helm, R. and and Johnson, R. and Vlissides, J.},
    title = {Design Patterns},
    publisher = {Addison Wesley},
    year = {2005}
}

@misc{wikiSolid,
	author = {Wikipedia},
	title = {{SOLID (object-oriented design)}},
	url = {http://en.wikipedia.org/wiki/SOLID_(object-oriented_design)},
	year = {2015},
	note = {Accessed 21.05.2015},
}

@misc{fourPlusOne,
	author = {Philippe Kruchten},
	title = {{Architectural Blueprints—The “4+1” View Model of Software Architecture}},
	url = {https://www.cs.ubc.ca/~gregor/teaching/papers/4+1view-architecture.pdf},
	year = {1995},
	note = {Accessed 22.05.2015},
}